@article{RefWorks:clayton2011models,
	author={R. H. Clayton and Olivier Bernus and E. M. Cherry and Hans Dierckx and Flavio H. Fenton and Lucia Mirabella and Alexander V. Panfilov and Frank B. Sachse and Gunnar Seemann and H. Zhang},
	year={2011},
	title={Models of cardiac tissue electrophysiology: progress, challenges and open questions},
	journal={Progress in biophysics and molecular biology},
	volume={104},
	number={1-3},
	pages={22–48}
}
@article{RefWorks:courtemanche1998ionic,
	author={Marc Courtemanche and Rafael J. Ramirez and Stanley Nattel},
	year={1998},
	title={Ionic mechanisms underlying human atrial action potential properties: insights from a mathematical model},
	journal={American Journal of Physiology-Heart and Circulatory Physiology},
	volume={275},
	number={1},
	pages={H301–H321},
	note={pmid:9688927},
	pmid={9688927}
}
@article{RefWorks:cantwell2011efficiently:,
	author={Chris D. Cantwell and Spencer J. Sherwin and Robert M. Kirby and Paul HJ Kelly},
	year={2011},
	title={From h to p efficiently: selecting the optimal spectral/hp discretisation in three dimensions},
	journal={Mathematical Modelling of Natural Phenomena},
	volume={6},
	number={3},
	pages={84–96}
}
@book{RefWorks:karniadakis2005spectral/hp,
	author={George Karniadakis and Spencer J. Sherwin},
	year={2005},
	title={Spectral/hp element methods for computational fluid dynamics},
	publisher={Oxford University Press, USA},
	pages={14–15}
}
